1904 3594
226 1310 488 1376 ΦΩΚΥΑΙΔΟΥ
509 1309 682 1375 ΓΝΩΜΑΙ.

314 1565 421 1636 (Ποίημα
438 1560 599 1629 νοοθετικύν,)

95 1707 190 1758 Ταῦτα
208 1703 283 1772 δίκης
303 1696 408 1758 ὃσίοισι
426 1706 498 1759 θεοῦ
515 1696 697 1774 βουλεύματα
716 1703 811 1772 φαίνει

58 1797 220 1866 Φωκυλίδης
239 1788 350 1863 ἀνδρῶν
369 1790 385 1852 ὁ
404 1792 577 1868 σοφώτατος
596 1792 679 1869 ὄλβια
698 1798 789 1866 δῶρα·

57 1885 139 1960 Μὴτε
157 1889 375 1960 γαμοκλοπέειν,
392 1884 461 1962 μήτ’
475 1887 584 1965 ἀρσενα
600 1886 715 1963 -ίίύπριν
734 1882 850 1961 ὀρίνειν,

57 1978 127 2053 μήτε
145 1978 246 2048 δόλους
264 1979 391 2054 ῥάπτειν,
409 1978 480 2055 μήθ’
500 1981 597 2054 αἵματι
613 1993 698 2056 χεῖρα
715 1983 849 2051 μιαίνειν·

28 2083 40 2124 b
57 2071 95 2148 μὴ
115 2081 248 2132 πλουτεῖν
267 2068 380 2141 ἀδίκως,
398 2069 465 2134 ἀλλ’
484 2076 515 2143 ἐξ
532 2071 623 2133 ὁσίων
640 2072 794 2150 βιοτεύειν

58 2163 210 2242 ἀρκεῖσθαι
221 2162 294 2240 παρ’
307 2166 372 2234 ἑοῖς,
384 2175 443 2225 τῶν
452 2164 478 2225 δ’
489 2163 651 2242 ἀλλοτρίων
660 2165 831 2240 ἀπέχεσθαι·

58 2258 163 2333 ψεύδεα
181 2256 218 2332 μὴ
237 2252 344 2333 βάζειν,
363 2256 397 2317 τά
411 2254 439 2316 δ’
452 2258 575 2332 ἐτήτυμα
593 2255 679 2320 πάντ’
694 2256 850 2334 ἀγορεύειν.

94 2358 200 2427 Πρῶτοι
217 2348 291 2410 θεὸν
308 2356 385 2423 τίμα,
402 2355 555 2423 μετέπειτα
574 2356 604 2413 δὲ
623 2365 684 2412 σεῖο
702 2359 815 2428 γονῆας.

58 2452 128 2505 πᾶσι
147 2449 241 2503 δίκαια
260 2447 362 2516 νέμειν,
380 2449 448 2520 μηδὲ
465 2450 560 2522 κρίσιν
577 2446 607 2514 ἐς
623 2443 709 2522 χάριν
726 2445 798 2506 ἕλκε.

14 2553 39 2595 10
57 2536 95 2612 μὴ
114 2539 202 2613 ῥίψῃς
219 2544 317 2613 πενίην
335 2535 451 2607 ἀδίκως·
468 2542 506 2614 μὴ
523 2551 604 2615 κρῖνε
623 2538 792 2616 πρόσωπον.

56 2630 91 2706 ἢν
110 2629 144 2690 σίι
159 2639 256 2700 κακῶς
268 2632 390 2705 δικάσῃς,
409 2635 441 2692 σε
452 2631 524 2700 θεὸς
534 2636 686 2705 μετέπειτα
699 2631 833 2694 δικάσσει.

56 2730 214 2801 μαρτυρίην
233 2733 322 2800 ψευδῆ
340 2724 462 2800 φεύγειν,
480 2723 516 2786 τὰ
535 2722 622 2786 δίκαι’
641 2723 799 2802 ἀγορεύειν.

57 2823 240 2893 παρθενίηνῒ
259 2830 363 2894 τηρεῖν,
382 2823 477 2878 πίστιν
494 2815 520 2878 δ’
539 2820 571 2878 ἐν
588 2826 657 2880 πᾶσι
676 2819 837 2894 φυλάσσειν.
903 2858 906 2864 -

57 2914 147 2988 μέτρα
160 2915 254 2983 νέμειν
266 2909 302 2972 τὰ
316 2916 419 2981 δίκαια,
430 2909 522 2971 καλὸν
532 2908 559 2971 δ’
569 2913 726 2990 ἐπίμετρον
734 2906 849 2974 ἀπασιν.

14 3022 39 3062 ιο
58 3004 191 3077 σταθμὸν
207 3003 245 3080 μὴ
258 3004 374 3081 κρούειν
392 3004 572 3082 ἑτερόζνγον,
589 3002 655 3066 ἀλλ’
668 3006 733 3067 ίσον
750 3006 849 3067 ἕλκειν.

56 3095 124 3173 μήτ’
142 3097 315 3175 ἐπιορκύσγς
332 3095 400 3173 μήτ’
419 3095 514 3174 ἀγνὼς
530 3097 602 3173 μήτε
621 3100 724 3160 ἑκοντί.
