1904 3594
420 645 504 714 Χρυσᾶ
521 641 573 710 ἔπη.
849 643 898 696 233

101 810 173 872 Εἶτα
191 810 372 885 δικαιοσύνην
390 807 471 869 ἄσκει
489 805 565 888 έργῳ
582 830 614 869 τε
631 806 711 887 λόγῳ
728 823 771 868 τε“

101 901 168 981 μηδ’
187 901 349 979 οἷλογλστως
366 897 476 962 σαυτὸν
494 899 569 975 ἔχειν
585 907 652 978 περὶ
670 903 756 978 μηδὲν
773 898 865 973 ἔθιζε·

60 1012 85 1055 ιο
102 995 174 1059 ἄλλα
194 1004 285 1072 γνῶθι
302 998 355 1068 μέν
373 991 413 1062 (δς
430 994 546 1053 θανέειν
565 995 715 1070 πέπρωται
733 987 833 1064 ἅπασι.

102 1111 245 1193 Χρήματα
272 1110 300 1174 δ’
323 1112 428 1174 ἄλλοτε
454 1114 508 1185 μέν
531 1119 657 1174 κτᾶσθαι
681 1117 770 1188 φίλει,
796 1112 899 1174 ἄλλοτ’

750 1203 876 1267 ὀλέσσαι.

93 1321 183 1388 (Όσσα
201 1349 232 1386 τε
250 1329 411 1398 δαιμονίῃσι
434 1321 531 1398 τόχαις
552 1330 657 1400 βροτοὶ
674 1320 759 1401 ἄλγε’
776 1323 898 1400 ἔχουσιν,

101 1417 136 1496 ἣν
154 1419 191 1481 όν
208 1431 315 1496 μοῖραν
333 1417 411 1493 ἔχῃς,
430 1415 535 1492 ταύτην
553 1420 632 1493 φέρε,
648 1415 715 1494 μηδ’
734 1415 898 1494 όγανόκτει,

101 1516 201 1574 ἐᾶσθαι
220 1514 250 1572 δέ
267 1513 384 1587 πρέπει,
401 1508 537 1570 καθόσον
553 1509 633 1585 δόνγ·
653 1504 708 1572 ὦδε
726 1514 756 1572 δέ
773 1511 896 1589 φράζευ·

60 1623 85 1664 20
104 1602 138 1666 οὐ
155 1604 231 1666 πάνυ
249 1615 312 1673 τοῖς
330 1600 454 1679 όγαθοϊς
472 1602 584 1663 τούτων
596 1601 670 1664 πολὺ
686 1616 777 1682 μοῖρα
795 1611 896 1666 δλδαισι.

102 1732 210 1786 Πολλοὶ
228 1720 257 1784 δ’
273 1720 457 1799 ἀνθρώποισι
475 1720 559 1798 λόγοι
576 1728 666 1783 δειλοί
683 1746 715 1784 τε
732 1730 781 1784 καὶ
798 1724 899 1784 ἐσθλοὶ

101 1812 329 1894 προσπίπτοοσ’,
348 1809 390 1876 ὧν
400 1812 471 1892 μήτ’
482 1814 685 1892 ἐκπλήσσεο,μ

10 1986 14 1993 Ι
102 1911 249 1986 εἴργεσθαι
268 1908 388 1971 σαυτόν·
420 1916 527 1985 ψεῦδος
544 1905 571 1968 δ’
588 1908 680 1986 ἤνπερ
698 1932 724 1970 τι
742 1912 863 1986 λέγηται,

12 2058 17 2065 .
102 2005 202 2079 πράως
221 1999 290 2079 εἶχ’·
312 2000 328 2063 ὃ
347 2006 376 2062 δέ
394 2025 440 2063 τοι
457 2003 541 2079 ἐρέω,
558 2003 606 2062 ἐπὶ
623 2008 709 2063 παντὶ
726 2008 873 2064 τελείσθω.

68 2141 93 2182 ιο
105 2129 210 2198 Μηδεὶς
226 2117 298 2196 μήτε
316 2121 394 2199 λόγῳ
411 2143 444 2181 σε
463 2124 599 2196 παρείπῃ,
616 2119 686 2196 μήτε
704 2143 732 2181 τι
749 2120 832 2200 έργῳ,

102 2224 215 2292 πρῆξαι,
231 2210 298 2289 μηδ’
316 2217 415 2283 εἰπεῖν,
435 2207 488 2272 ότι
506 2234 552 2272 τοι
570 2210 608 2288 μὴ
626 2213 767 2290 βέλτερόν
784 2215 852 2274 ἐστι.

104 2333 245 2394 Βουλεόου
263 2335 293 2392 δέ
310 2328 368 2407 πρὸ
388 2328 482 2407 ἔργον,
502 2323 583 2399 όπιος
599 2330 637 2405 μὴ
655 2337 739 2408 μῶρα
758 2335 887 2409 πέληται’

102 2434 195 2487 δειλοῦ
205 2448 250 2485 τοι
259 2424 398 2500 πρήσσειν
407 2447 438 2484 τε
445 2419 897 2504 λέγειντόἷνόηταπρὸςοένδρός·

103 2517 175 2581 ἀλλὰ
195 2515 261 2578 τάδ’
279 2519 427 2585 ἐκτελέειν,
446 2508 466 2577 δι’
484 2537 518 2576 σε
534 2513 572 2590 μὴ
590 2515 737 2590 μετέπειτ’
756 2515 872 2596 α’νιήσει.

68 2673 94 2715 30
105 2662 221 2731 Πρῆσσε
239 2656 269 2712 δὲ
281 2655 367 2727 μηδὲν
378 2658 437 2711 τῶν
449 2649 486 2727 μὴ
499 2651 661 2722 ἐπίστασαι,
679 2649 752 2716 α’λλὰ
765 2655 899 2718 διδάσκον

105 2740 180 2807 όσσα
196 2744 301 2822 χρεών,
319 2752 368 2805 καὶ
385 2742 586 2821 τερπνότατον
603 2749 671 2822 βίον
688 2739 744 2808 ὦδε
762 2748 871 2821 διάξεις.

106 2871 173 2934 Οὐδ’
191 2850 293 2949 ὕγιελγς
311 2878 361 2947 τῆς
378 2879 444 2950 περὶ
462 2869 539 2946 σῶμ’
558 2867 694 2945 ἀμέλειαν
710 2871 786 2950 ἔχειν
800 2879 869 2953 χρή·

104 2965 175 3027 α’λλὰ
194 2972 288 3026 ποτοῦ
305 2988 337 3025 τε
354 2968 462 3041 μέτρον
479 2971 528 3024 καὶ
546 2971 629 3026 σι’τον
645 2973 811 3042 γυμνασίων
828 2994 859 3031 τε

104 3068 264 3119 ποιεῖσθαι·
284 3061 391 3135 μέτρον
409 3061 438 3119 δέ
456 3061 529 3134 λέγω
548 3055 620 3129 τόδ’,
640 3055 657 3120 ό
674 3059 712 3134 μή
732 3058 762 3120 σ’
781 3057 897 3138 ἀνιήσει.

703 3153 744 3204 ιο*
