1904 3594
391 532 534 595 Πανύασσις.
825 539 857 589 73

12 766 52 810 ιο
61 750 238 828 ἀνθρώποιο
257 755 325 827 βίον
343 756 567 827 ταλασίφρονος,
585 745 664 822 όστις
681 748 736 813 ἄπ’
755 751 835 813 οἷ’νου

62 844 163 917 θυμόν
180 845 318 922 ἐρητόσας
336 849 411 904 πίνει
430 839 525 905 πότον
542 844 609 906 ἄλλ’
627 845 788 922 ἐνεόφριον·

63 937 147 1008 οἶνος
165 937 221 1015 χόιρ
240 944 306 1014 πυρί
324 935 389 997 ἶσον
406 938 613 1012 ἐπιχθονίοισιν
632 937 739 1016 όνειαρ,

63 1030 182 1100 ἐσθλόν,
201 1028 379 1101 ἀλεξίκακον,
397 1030 490 1107 πόσης
507 1029 669 1107 συνοπηδὸν
685 1028 794 1106 οἷοιδῆς·

64 1126 98 1185 ἐν
115 1130 169 1197 μὲν
186 1123 242 1200 γὰρ
259 1129 361 1200 θαλίης
379 1125 482 1200 ἐρατῆς
498 1129 587 1202 μέρος
604 1122 721 1201 οίχλαίης
739 1149 770 1186 τε

24 1236 55 1278 15
64 1220 98 1280 ἐν
117 1223 147 1279 δὲ
164 1223 358 1294 χοροιτυπίης,
375 1219 407 1278 ἐν
425 1217 451 1277 δ’
471 1220 585 1296 ἱμερτῆς
602 1217 769 1294 φιλότητος·

65 1318 110 1391 τῷ
127 1315 160 1372 σέ
177 1311 231 1389 χρῆ
250 1310 329 1386 παρὰ
349 1318 421 1372 δαιτὶ
440 1316 607 1389 δεδεγμένον
624 1311 743 1387 εὔφρονι
761 1320 844 1392 θυμιῆ

63 1410 162 1465 πίνειν
179 1409 248 1481 μηδὲ
265 1412 356 1482 βορῆς
373 1408 569 1482 κεκορημένον
585 1402 652 1482 ἠίτε
669 1413 745 1481 γῦπα

64 1492 155 1574 ἧσθαι
174 1498 378 1576 πλημμύροντα
396 1501 572 1572 λελασμένον
589 1496 801 1576 εὐφροσυνάων.

453 1769 476 1822 2.

69 1947 156 2018 Οἶνος
174 1951 203 2009 δέ
220 1957 350 2043 θνητοῖσι
369 1954 447 2008 θεῶν
465 1947 544 2024 πόρα
562 1939 696 2024 &apost
676 1969 805 2024 αριστυν,
907 1981 908 1984 ¹

66 2039 192 2116 οἰχλαός
211 2045 234 2119 ρ)
253 2049 343 2102 πᾶσαι
360 2044 413 2114 μὲν
431 2040 645 2118 ἐφαρμόζουσιν
663 2037 767 2110 οἷοιδαί,

67 2131 223 2203 πόντεςδ’
243 2131 395 2211 όρχηθμοί,
414 2131 550 2197 πᾶσαιδ’
568 2135 669 2210 ἐραταί
686 2135 844 2211 φιλότητες.

67 2226 165 2297 πόσας
183 2225 208 2288 δ’
227 2229 260 2288 ἐκ
276 2234 390 2305 κραδίης
409 2225 491 2298 όνίας
509 2224 622 2304 ανδρων
638 2224 778 2300 όλαπόζει

37 2349 51 2389 5
69 2320 228 2432 πινόμενος
244 2321 318 2384 κατὰ
336 2319 482 2399 μέτρον,
469 2345 542 2398 υπερ
553 2324 662 2397 μέτρον
680 2325 710 2382 δέ
726 2327 860 2398 χερείων·

67 2408 86 2490 ἦ
103 2413 160 2491 γάρ
180 2416 207 2474 οἱ
226 2415 295 2491 ότης
312 2438 343 2476 τε
361 2422 409 2475 καί
427 2409 527 2492 όβριος
545 2410 606 2474 αίσ’
624 2439 664 2488 αμ
671 2411 804 2491 ’όπηδελ

408 2695 527 2703 ——.-
