1904 3594
388 556 489 628 Κράτος·

423 730 446 783 6.

329 829 370 893 (εἷς
386 827 430 896 τήν
446 827 545 904 πήραν.)

45 945 127 1022 Πήρη
145 969 187 1015 τις
204 944 287 1014 πόλις
304 945 365 1004 ἐστὶ
381 949 459 1024 μέσφ
476 948 518 1007 ἐνλ
537 947 632 1008 οἴνοπι
651 946 730 1026 τόφφ

42 1037 116 1113 καλὴ
134 1045 183 1098 καὶ
200 1044 305 1116 πίειρα,
324 1044 509 1116 περίρρυπος,
527 1036 608 1101 οὐδὲν
625 1039 740 1116 ἔχουσα,

44 1137 85 1203 εἰς
102 1131 137 1208 ἣν
155 1133 221 1193 οότε
239 1156 281 1201 τις
298 1136 409 1193 εἰσπλεῖ
423 1131 496 1210 α’νὴρ
513 1134 613 1210 μωρὸς
629 1133 799 1211 παράσιτος,

44 1226 113 1287 οὔτε
131 1231 229 1301 λίχνος
245 1224 356 1302 πόρνος
373 1225 608 1302 ἐπαγαλλόμενος
625 1234 758 1303 πυγῇσιν·

5 1356 12 1367 ·
42 1315 115 1380 όλλόι
129 1312 224 1391 δόμον
235 1327 284 1379 καὶ
297 1318 405 1397 σκόρδα
419 1323 498 1396 φέρει
511 1327 560 1379 καλ
572 1326 643 1380 σῦκα
655 1327 704 1380 καὶ
716 1319 837 1395 όρτους·

40 1413 74 1482 ἐξ
90 1405 132 1472 τόν
151 1409 184 1472 οὐ
202 1420 360 1485 πολεμοῦσι
378 1413 453 1490 πρὸς
477 1409 615 1488 α’λλὴλους
632 1419 698 1489 περὶ
716 1411 837 1481 τοότισν,

42 1501 95 1580 οόχ
115 1499 192 1566 όπλα
203 1507 353 1579 κέκτηνται
366 1512 432 1580 περὶ
444 1508 596 1582 κέρματος,
616 1503 649 1567 οό
667 1512 733 1582 περὶ
746 1500 836 1581 δόξης,

427 1684 450 1735 7.

43 1825 49 1839 .
69 1826 75 1838 .
95 1773 159 1838 οὐδ’
177 1773 218 1836 ἔτι
236 1781 296 1843 (σοί
313 1783 355 1849 γε)
374 1779 552 1852 συνέμποροδ
569 1779 631 1846 εἰσι,
648 1773 772 1853 φλλυβρι.

39 1961 132 2040 ἡδονῇ
149 1959 363 2038 όνδραποδιόδει
381 1957 540 2022 όδοόλωτοι
556 1969 605 2021 καλ
623 1961 770 2035 όκαμπτοι

41 2054 196 2120 όθόναπον
213 2059 364 2131 βασίλειαν
381 2055 550 2131 ἐλευθερίαν
567 2051 725 2130 όγαπῶσιν.

428 2231 450 2282 8.

68 2373 229 2388 .......
251 2323 298 2399 Μὴ
317 2323 375 2401 πρὸ
394 2331 486 2400 φακῆς
503 2321 610 2386 λοπάδ’
628 2325 721 2396 αὔξων

61 2444 70 2490 ς
88 2417 192 2497 στόσιν
208 2417 284 2492 ἄμμε
303 2417 400 2492 βάλῃς.

428 2596 451 2647 9.

81 2698 121 2752 ’ῦτ
140 2689 197 2766 ἐχω
224 2683 292 2750 όσσ’
311 2688 422 2762 ἔμαθον
445 2696 494 2748 καὶ
516 2687 674 2764 ἐφρόντισα
697 2695 746 2748 καὶ
763 2687 837 2761 μετὰ

691 2788 819 2841 Μουσῶν

95 2872 125 2937 ν’
138 2873 234 2951 ἐδόην·
248 2873 283 2935 τόι
299 2877 328 2935 δέ
340 2872 432 2935 πολλὰ
445 2881 494 2934 καὶ
505 2872 590 2950 ὄλβια
600 2880 690 2949 τῦφος
700 2871 838 2950 ἔμαρψεν.
