1904 3594
10 311 16 349 ί

403 616 514 673 Πλάτων.

419 887 480 940 *10.

192 1016 238 1080 (ἐπί
254 1021 290 1087 τῷ
307 1021 398 1081 Δίωνος
415 1016 484 1090 τάφῳ
503 1018 527 1071 έν
544 1016 725 1088 Συρακούσαις.)

64 1170 180 1246 Δάκριά
198 1174 275 1240 μένί
289 1165 395 1246 Ἑκάβῃ
414 1193 444 1230 τε
462 1175 510 1227 καὶ
528 1167 669 1231 Ἰλιάδεσσι
687 1179 812 1248 γυναιξίν

99 1271 209 1341 Μοῖραι
228 1265 395 1324 ἐπέκλωσαν
413 1258 467 1338 δήῒ
485 1287 557 1324 ποτε
574 1268 765 1339 γεινομέναις·

41 1408 43 1413 .
64 1366 109 1417 σοὶ
128 1362 165 1424 δέ,
185 1364 270 1426 Λίων,
289 1359 399 1433 ῥέξαντι
417 1364 513 1417 καλῶν
530 1359 669 1418 ἐπινίκιον
687 1356 780 1435 έρχων

98 1457 232 1524 δαίμονες
250 1449 363 1524 εὐρείας
379 1452 493 1520 ἐλπίδας
511 1453 637 1526 ἐξέχεαν·

62 1557 155 1604 κεῖσαι
174 1552 190 1603 δ
196 1541 202 1563 '
221 1542 366 1623 εὐρυχόρῳ
384 1546 416 1604 έν
433 1551 547 1620 πατρίδι
566 1551 657 1617 τίμιος
675 1542 783 1615 οἰστοῖς,

98 1632 122 1696 οί
139 1637 211 1710 έμὸν
228 1637 350 1713 ἐκμήνας
367 1637 461 1710 θυμὸν
479 1638 563 1716 έρωτι
581 1645 665 1700 Δίων.

418 1833 479 1885 *11.

62 1975 273 2051 Ἀρχεάνασσαν
291 1975 344 2051 έχω
364 1977 414 2052 τὴν
431 1978 463 2036 έκ
483 1985 660 2052 Κολοφῶνος
679 1979 804 2054 έταίρην,
898 2006 901 2013 ·

100 2064 129 2143 ίχς
146 2079 193 2129 καὶ
212 2073 257 2130 έπὶ
276 2073 396 2145 ῥυτίδων
414 2070 517 2146 πικρὸς
534 2070 648 2130 έπεστιν
665 2068 754 2146 ἔρως,

64 2158 84 2222 τί
103 2170 188 2221 δειλοὶ
209 2163 343 2237 νεότητος
361 2160 577 2237 ἀπαντήσαντες
594 2164 700 2238 έκείνης

100 2255 301 2328 πρωτοπλόου,
320 2253 356 2314 δι’
376 2250 444 2330 ὅσης
462 2255 564 2330 ἤλθετε
582 2263 726 2331 πυρκαιῆς.

428 2616 487 2685 [¹2]

25 2784 28 2789 '
60 2765 89 2828 ‘A
109 2768 217 2844 Κύπρις
238 2764 393 2826 Μούσαισι·
412 2764 544 2843 κοράσια,
563 2763 616 2825 τὰν
632 2761 802 2841 Ἀφροδίταν

99 2858 206 2934 τιμᾶτ’,
226 2861 241 2936 ἢ
259 2860 311 2921 τὸν
327 2859 437 2938 Ἔρωτ’
455 2859 541 2933 ὔμμιν
558 2860 759 2934 έφοπλίσομαι.

62 2957 112 3030 χιίί
127 2964 243 3016 ,λίοῦσαι
256 2962 322 3014 ποτὶ
336 2953 541 3031 Ιίύπριν·Ἄρει
554 2951 589 3014 τὰ
603 2951 735 3025 στωμύλα
748 2959 856 3012 ταῦτα·

99 3047 164 3123 ἡμῖν
181 3045 209 3108 δ’
229 3046 262 3110 οὗ
280 3053 421 3119 πέταταιῒ
440 3055 526 3108 τοῦτο
545 3045 579 3108 τὸ
598 3044 756 3120 παιδάριον.
