1904 3594
402 227 546 301 Ξενοφάνης.
823 240 869 290 165

464 389 486 438 2.

79 511 134 564 Νῦν
151 501 212 580 γάρ
230 497 263 576 δή
282 493 552 577 ζάπεδονκαθαρὸν
563 508 611 562 καί
625 514 720 579 χεῖρες
733 501 871 564 ἁπάντων

42 638 45 645 ·
108 603 156 657 καί
174 594 300 662 κύλικες·
319 592 458 663 πλεκτοὺς
475 602 491 654 δ
496 591 503 613 '
521 591 671 670 άμφιτιθεῐ
688 598 856 672 στεφάνους,

34 668 39 737 ί
83 687 163 760 άλλος
181 685 211 748 δ’
231 683 334 756 εύῶδες
350 687 446 764 μύρον
463 691 495 748 ἐν
511 688 598 763 φιάλῃ
616 695 824 767 παρατείνειῒ·

36 740 42 809 1
111 783 223 861 κρατήρ
242 778 270 840 δ’
287 779 405 857 ἕστηκεν
420 779 528 854 μεστὸς
544 783 732 860 ἐϋφροσύνης·

63 884 73 924 ⁵
85 874 164 946 ἄλλος
181 871 210 935 δ)
224 873 304 943 οἶνος
316 875 438 948 ἑτοῖμος,
459 873 491 945 ὃς
504 874 611 936 ούποτε
623 883 690 952 φησί
702 877 871 955 προδώσειν,

112 975 241 1045 μείλιχος
258 968 290 1027 ἐν
306 967 451 1044 κεράμοις,
469 967 576 1038 ἄνθεος
595 965 764 1043 ύσδύμενος·

85 1063 111 1122 ἐν
127 1067 157 1125 δὲ
172 1066 275 1137 μέσοις
292 1058 380 1137 άγνήν
399 1057 487 1137 ὀδμήν
505 1062 665 1138 λιβανωτὸς
680 1063 763 1140 (ίησιν,

114 1154 228 1234 ψυχρὸν
247 1152 273 1214 δ’
292 1153 369 1216 ἔστιν
385 1149 461 1232 ύδωρ
478 1163 526 1215 καί
543 1154 629 1232 γλυκύ
646 1164 695 1216 καί
712 1156 858 1234 καθαρόν·

84 1251 249 1327 πάρκεινται
266 1245 295 1308 δ’
314 1247 397 1326 άρτοι
415 1256 516 1319 ξανθοί
534 1250 643 1328 γεραρή
661 1274 693 1311 τε
711 1250 839 1327 τράπεζα

38 1366 41 1371 ·
58 1344 73 1391 ίί
114 1351 199 1422 τυροῦ
216 1349 267 1403 καί
283 1345 398 1415 μέλιτος
416 1348 518 1412 πίονος
535 1341 695 1421 ἀχθομένη·

85 1439 178 1511 βωμὸς
194 1431 224 1496 δ’
242 1433 361 1496 άνθεσιν
377 1434 414 1497 άν
427 1435 461 1508 τὸ
474 1440 563 1509 μέσον
575 1435 668 1512 πάντη
684 1437 872 1509 πεπύκασται,

34 1592 37 1599 ,
113 1526 255 1617 μολπή,δ’
274 1527 365 1603 άμφίς
382 1530 439 1606 ἔχει
457 1530 575 1604 δώματα
592 1536 641 1591 καί
658 1537 753 1608 θαλίη.

84 1623 131 1700 χρὴ
151 1627 180 1685 δὲ
197 1630 318 1698 πρῶτον
335 1627 388 1698 μὲν
399 1622 473 1684 θεὸν
490 1621 588 1698 ύμνεῖν
606 1623 749 1702 εύφρονας
767 1624 872 1703 άνδρας

114 1714 253 1793 εὐφήμοις
270 1715 373 1788 μύθοις
390 1724 439 1777 καί
456 1727 614 1796 καθαροῖσι
631 1713 737 1794 λύγοις.

55 1818 73 1860 ¹³
85 1816 255 1879 σπείσαντας
273 1813 304 1869 δὲ
320 1817 368 1870 καί
387 1808 555 1885 εὐξαμένους
573 1811 608 1873 τά
621 1817 715 1872 δίκαια
733 1811 872 1872 δύνασθαι

115 1904 250 1981 πρήσσειν
259 1937 291 1946 -
299 1911 389 1964 ταῦτα
398 1903 455 1981 γάρ
465 1899 506 1964 οίν
514 1907 574 1966 ἐστι
585 1904 873 1983 προχειρότερονῒ-

85 1996 133 2073 ούχ
149 1993 260 2075 ύβριςῒ,
279 2002 372 2058 πίνειν
391 1995 505 2059 ὁπόσον
522 2023 573 2061 κεν
590 1997 665 2074 ἔχων
682 1995 799 2073 οἷφίκοιο

10 2162 11 2175 ρ
117 2088 210 2152 οἴκαδ’
229 2089 298 2151 άνεο
315 2091 475 2164 προπόλου,
492 2091 530 2168 μή
551 2091 627 2153 πάνυ
643 2093 795 2168 γηραλέος·

87 2183 196 2261 ἀνδρῶν
207 2182 236 2244 δ’
249 2187 340 2245 αίνεῖν
351 2191 464 2254 τοῦτον,
478 2183 511 2256 ὃς
522 2183 612 2246 ἐσθλά
626 2183 700 2245 πιὼν
711 2182 873 2259 άναφαίνει,

55 2283 74 2328 20
117 2277 157 2349 ὡς
173 2274 191 2356 ἦ
208 2272 381 2355 μνημοσύνη,
398 2285 446 2338 καί
463 2277 547 2349 ῒτὸν,
567 2277 623 2350 άςή
636 2274 710 2354 ·άμφ’
728 2275 839 2355 άρετής,

89 2371 145 2432 ούτι
161 2372 256 2448 μάχας
273 2375 362 2433 διέπει
382 2370 507 2448 Τιτήνων
525 2368 589 2432 ούδὲ
606 2371 763 2447 Γιγάντων,

120 2463 179 2526 οὐδ’
198 2459 234 2527 ού
251 2464 432 2543 Κενταύρων,
450 2465 604 2538 πλάσματα
622 2472 681 2524 τῶν
698 2467 857 2541 προτέρων,

88 2558 105 2632 ή
120 2559 237 2629 στάσιας
255 2559 410 2634 σφεδανάς·
425 2570 490 2628 ’τοῖς
508 2554 590 2619 ούδεν
606 2556 734 2636 χρηστὸν
751 2557 873 2618 ἔνεστιν·

120 2661 197 2715 θεῶν
214 2656 244 2714 δὲ
262 2657 442 2730 προμηθείην
460 2655 521 2713 αίὲν
538 2650 612 2728 ἔχειν
629 2650 752 2728 άγαθύν.
