1904 3594
387 598 523 665 Φιλόξενος.

219 817 360 888 περδίκων
378 815 494 884 φασίοιν
512 835 543 872 τε
558 812 647 887 χύδαν
665 812 693 887 ἤ-

90 974 94 982 ,
218 913 250 981 δη
268 906 466 982 παρεβάλλετο
486 904 581 983 θερμά
600 905 693 968 πολλὰ

60 1005 110 1060 καὶ
128 1002 372 1074 μαλακοπτυχέων
389 1000 499 1075 οίρταιν·
520 998 683 1076 ὁμοσύζυγα
701 1003 731 1062 δὲ
748 1008 810 1071 ξαν-

270 1087 328 1152 θάυ
346 1088 376 1152 τ’
394 1094 563 1169 ἐπεισῆλθεν
579 1097 642 1167 μίλι

15 1197 42 1238 55
111 1194 159 1247 καὶ
176 1181 249 1263 γάλα
269 1185 444 1258 σύμπακτον,
463 1185 498 1247 τό
516 1210 548 1248 κε
566 1184 654 1263 τυρὸν
671 1180 748 1257 άπας
767 1212 807 1257 τις

61 1275 131 1356 ἦμεν
153 1276 260 1355 ἔφασχ’
279 1277 405 1350 ἁπαλόν,
428 1277 524 1355 κήγὼν
541 1278 667 1353 ἐφάμαν·
689 1275 739 1342 ὅτε
757 1279 784 1341 δ’
802 1281 852 1357 ἤδη

94 1372 225 1450 βρύτυος
242 1371 289 1449 ἠδὲ
307 1381 434 1443 ποτᾶτος
451 1377 481 1443 ἐς
502 1375 594 1450 κόρον
612 1367 683 1448 ἦμεν
701 1375 818 1451 ἑταῖροι,

61 1475 131 1543 τῆνα
149 1471 202 1540 μὲν
219 1466 392 1544 ἐξαπάειρον
409 1475 508 1541 δμῶες,
528 1465 626 1528 ἔπειτα
645 1470 674 1528 δὲ
693 1475 791 1537 παῖδες

237 1558 335 1637 νίπτρ>
353 1560 457 1621 ἐδοσαν
473 1559 547 1622 κατὰ
564 1568 678 1636 χειρῶν,

16 1663 42 1704 60
61 1654 204 1728 σμήμασιν
222 1657 406 1730 ίρινομίκτοις
422 1657 633 1732 χλιεροθαλπὲς
650 1648 724 1728 ύδιυρ
742 1655 824 1729 ἐπεγ-

708 1770 824 1824 χεοντες

435 1839 443 1860 )

445 1891 452 1910 5

60 1841 177 1910 τόσσον,
191 1835 263 1901 ὅσον
275 1849 336 1910 (τις)
346 1839 430 1919 ἐχργζ
464 1840 641 1918 ἐκτρίμματά
651 1864 682 1901 τε
695 1890 701 1902 .
716 1890 721 1901 .
735 1840 852 1915 λαμπρά

61 1943 226 2009 σινδονυφῆ,
244 1941 361 1994 δίδοσαν
378 1939 427 2003 (δὲ)
444 1941 571 2011 χρίματα
590 1931 629 1994 τ’·
650 1931 853 2011 άμβροσίοδμα

261 2034 309 2086 καὶ
328 2026 486 2100 στεφάνους
504 2029 649 2096 ίοθαλέας.

367 2153 381 2184 *
451 2183 466 2213 *
535 2152 550 2184 *

125 2261 176 2331 τὰς
193 2267 222 2322 δὲ
240 2262 271 2338 δὴ
290 2263 421 2340 πρόσθεν
439 2260 585 2336 μολούσας
602 2271 785 2339 λιπαραυγεῖς

18 2369 45 2409 65
64 2361 227 2432 πορθμίδας
244 2365 359 2417 πολλῶν
377 2355 497 2434 άγαθαλν
515 2356 600 2418 πάλιν
618 2355 753 2434 είσφερον
770 2380 814 2432 γε·

704 2449 813 2523 μούσας

71 2541 122 2611 τάς
141 2541 280 2618 ἐφήμεροι
297 2551 429 2604 καλεῦυτι
448 2550 497 2604 νῦν
515 2546 658 2622 τραπέζας
676 2547 835 2621 (δευτέρας)

189 2633 334 2697 άθάνατοι
352 2640 382 2698 δέ
400 2635 429 2697 τ’
447 2635 615 2710 Ἀμαλθείας
630 2640 723 2714 κέρας.

61 2727 853 2809 ταῖσιδ’ἐνμε’σαιςκαθιδρύθημέγαχάρμαβροτοῐς,λευ
927 2749 929 2754 ’

255 2822 308 2893 κὸς
326 2823 431 2897 μυελὸς
448 2825 593 2902 γλυκερός,
611 2834 654 2886 λε-

15 2932 41 2973 70
174 2930 257 2987 πτοῑς
275 2915 403 2996 ιίράχνας
420 2920 603 2996 ἐναλιγκίοισι
621 2923 739 2989 πέπλοις
