1904 3594
408 109 530 176 Τυρταῖος.
832 115 866 166 69

69 273 144 351 αἶψα
163 277 193 335 δὲ
212 277 372 346 δυσμενέων
389 271 502 352 άνδρῶν
520 274 623 351 έτρεφε
641 275 791 352 φάλαγγας

138 374 281 444 τρηχείας,
300 376 408 442 σπουδῇ
425 365 455 428 τ)
473 368 575 444 ἔσχεθε
592 377 667 443 κῦμα
684 369 790 446 μάχης·

68 458 139 532 όςδ’
151 455 216 522 αὖτ’
226 461 258 521 έν
267 462 442 538 προμάχοισι
456 461 554 523 πεσὼν
569 469 655 538 φίλον
668 462 757 524 ὤλεσε
769 472 867 536 θομον

139 558 213 616 άστν
231 578 262 616 τε
279 563 328 616 καί
345 555 432 626 λαοὺς
448 564 496 617 καί
514 553 619 634 πατέρ’
638 553 790 627 εὖκλείσας,

25 656 51 702 2⁵
69 649 167 712 πολλὰ
185 647 230 710 διά
248 653 380 724 στέρνοιο
397 657 446 710 καί
464 647 586 720 άσπίδος
604 648 804 727 ὀμφαλοέσσης
880 704 882 708 .
915 651 920 665 “

137 749 188 804 καί
206 741 250 803 διά
267 742 402 819 θώρηκος
419 743 552 820 πρόσθεν
569 745 750 820 έληλαμένος,

65 835 121 898 τὸν
139 832 168 896 δ’
188 833 382 914 ὀλοφύρονται
399 841 452 910 μέν
470 836 549 911 ὁμῶς
566 841 625 898 νέοι
642 834 690 912 ἠδὲ
707 840 850 914 γέροντες,

136 927 271 1008 άρχαλέφ
288 953 320 991 τε
338 930 424 1010 πόθῳ
441 938 521 991 πᾶσα
538 934 638 1006 κέκηδε
655 931 748 1000 πόλις·

65 1030 116 1085 καί
134 1023 245 1101 τόμβος
261 1029 309 1083 καί
327 1031 426 1093 παῖδες
442 1025 474 1083 έν
491 1020 659 1101 άνθριόποις
676 1021 811 1102 άρίσημοι

24 1127 50 1170 30
137 1124 187 1177 καί
204 1122 316 1177 παίδων
332 1124 432 1186 παῖδες
447 1123 495 1177 καί
513 1121 597 1193 γένος
613 1119 746 1188 ἐξοπίσω.

67 1211 133 1272 οάδέ
140 1234 213 1271 ποτε
222 1214 306 1279 κλέος
314 1209 421 1271 ἐσθλὸν
431 1207 588 1271 άπόλλνται
600 1209 662 1271 οὐδ’
672 1209 755 1285 ὄνομ’
765 1211 864 1286 αὐτοῦ,

136 1299 204 1364 ἄλλ’
221 1300 278 1364 ὑπὸ
296 1311 348 1379 χης
365 1327 420 1381 περ
437 1303 495 1364 έών
513 1308 640 1379 γίγνεται
659 1300 815 1375 άθάνατος,

66 1391 162 1458 ὅντιν’
181 1393 369 1474 ἀριστεύοντα
386 1395 511 1469 μένοντά
529 1420 560 1457 τε
577 1395 763 1474 μαρνάμενόν
780 1422 811 1459 τε

134 1497 187 1576 γῆς
204 1491 268 1566 πέρι
286 1496 334 1549 καί
352 1495 463 1550 παίδων
479 1497 590 1566 θοῦρος
607 1489 683 1568 Ἄρης
701 1487 794 1565 όλέση.

20 1596 45 1637 35
62 1582 99 1658 ἢν
116 1585 148 1643 δὲ
166 1581 240 1658 φόχη
257 1585 311 1656 μὲν
327 1591 400 1661 κῆρα
418 1587 587 1659 τανηλεγέος
605 1584 755 1656 θανάτοιο,

133 1675 251 1752 νικήσας
269 1672 296 1735 δ)
315 1679 415 1752 αἰχμῆς
432 1674 543 1752 α’χλαὸν
561 1672 644 1753 εάχος
661 1677 718 1752 ἕλη,

62 1770 171 1839 πάντες
188 1793 237 1842 μιν
254 1777 373 1842 τιμῶσιν
391 1767 470 1843 ὅμως
487 1774 546 1831 νέοι
564 1767 612 1847 ἠδέ
630 1776 757 1840 παλαιοί,

132 1867 226 1924 πολλὰ
244 1865 274 1924 δὲ
291 1861 399 1942 τερπνά
418 1864 523 1924 παθὼν
541 1862 653 1942 έρχεται
671 1868 711 1933 εἰς
730 1861 827 1940 Ἀίδην·

62 1957 230 2038 [γηράσκων
248 1953 360 2018 άστοῖσι
378 1961 563 2032 μεταπρέπει,
582 1955 647 2018 οὐδέ
664 1982 705 2027 τις
723 1956 812 2018 αὐτὸν

22 2065 46 2108 4ο
132 2050 275 2129 βλάπτειν
292 2047 356 2112 οὔτ’
376 2055 472 2122 αἰδοῦς
490 2051 557 2112 οὔτε
575 2056 653 2127 δίκης
669 2052 770 2122 ἐθέλει,

62 2148 169 2215 πάντες
185 2140 214 2204 δ’
226 2143 259 2204 έν
275 2144 416 2205 θάκοισιν
435 2143 514 2219 ὁμῶς
532 2148 592 2206 νέοι
605 2145 636 2205 o‘t'
644 2168 675 2205 τε
687 2143 755 2205 κατ’
769 2141 859 2206 αὐτὸν

130 2234 244 2300 εἴκουσ’
263 2237 296 2296 ἐκ
311 2231 407 2314 χιόρης
425 2237 456 2298 οῗ
471 2262 502 2298 τε
520 2237 726 2313 παλαιότεροι]

60 2333 163 2410 ταύτης
181 2339 233 2394 νῦν
251 2355 294 2401 τις
311 2327 384 2408 άνίηρ
402 2327 507 2409 άρετῆς
524 2335 564 2402 είς
581 2333 672 2410 άκρον
689 2333 800 2391 ἱκέσθαι

127 2426 283 2506 πειράσθω
301 2430 392 2504 θυμῷ,
410 2422 448 2500 μὴ
467 2433 576 2496 μεθιείς
593 2428 728 2499 πολέμου.
