1904 3594
470 573 567 646 Εὐηνός.

460 753 567 804 12-13.

284 854 325 921 (εἰς
341 853 385 921 τὴν
401 851 561 922 Πραξιτελους
575 847 747 922 Ἀφροδίτην.)

472 961 487 995 *
496 960 534 1012 12.

118 1060 239 1135 Πρόσθε
256 1064 309 1131 μέν
320 1055 460 1120 Ἰδαίοισιν
477 1058 509 1117 ἐν
527 1054 642 1134 οὔρεσιν
661 1051 754 1126 αὐτὸς
774 1053 791 1117 ό
809 1054 907 1134 βαίτας

47 1204 51 1211 .
129 1173 131 1176 ·
152 1159 272 1231 δέρξατο
291 1152 345 1215 τάν
362 1149 480 1221 κάλλεος
498 1149 595 1224 πρῶτ’
614 1147 862 1226 άπενεγκαμέναν.

119 1251 291 1325 Πραξιτέλης
309 1253 435 1316 Κνιδίοις
452 1250 482 1306 δὲ
499 1244 715 1320 πανωπὴεσσαν
733 1243 847 1321 έθηκεν,

151 1337 283 1418 μάρτυρα
301 1348 350 1416 τῆς
367 1344 465 1416 τέχνης
483 1346 582 1415 ψῆφον
599 1336 674 1413 έχων
692 1337 830 1416 Πάριδος.

476 1498 538 1552 *13.

136 1594 252 1665 Παλλάς
270 1602 318 1655 καί
337 1600 482 1685 Κρονίδαο
502 1596 658 1662 σονεονέτις
676 1591 763 1654 εἶπον
782 1598 888 1656 ἰδοῦσαι

186 1687 237 1764 τὴν
256 1695 381 1764 Κνιδίην·
402 1686 506 1757 ἀδίκως
523 1687 576 1748 τὸν
596 1686 696 1764 Φρόγα
714 1689 897 1763 μεμφόμεθα.

473 1849 534 1901 *14.

121 1946 155 2003 Εἰ
164 1956 260 2016 μισεῖν
272 1943 365 2013 πόνος
376 1945 446 2011 ἐστι’,
464 1951 557 2018 φιλεῖν
569 1942 671 2012 πόνος·
690 1943 724 2003 έκ
736 1942 789 2005 δάο
803 1950 908 2022 λυγρῶν

153 2039 287 2114 αἱροῦμαι
304 2044 427 2112 χρηστῆς
444 2035 526 2105 έίκος
543 2034 618 2111 ἔχειν
636 2031 745 2112 όδόνης.

479 2195 540 2259 [15]

264 2295 305 2361 (εἰς
321 2290 435 2364 χελιδόνα
451 2297 545 2362 τέττιγα
562 2294 762 2360 κατεσθίουσαν).

117 2391 192 2455 Ἀτίδὶ
210 2394 294 2469 κόρα,
311 2400 493 2471 μελίθρεπτε,
511 2392 596 2462 λάλος
614 2392 703 2454 λάλον
720 2390 885 2470 ἁρπάξασα,

152 2492 266 2564 τέττιγα
285 2501 406 2556 πτανοῖς
424 2495 505 2547 δαῖτα
524 2490 619 2564 φέρεις
636 2489 757 2556 τέκεσιν,

118 2581 172 2642 τὸν
189 2581 279 2642 λάλον
291 2579 308 2643 ά
323 2580 475 2650 λαλόεσσα,
493 2579 547 2640 τόν
559 2579 699 2657 εὔπτερον
711 2579 732 2641 ά
744 2580 907 2657 πτερόεσσα

152 2697 206 2734 τον
224 2671 336 2745 ξένονόι
353 2680 438 2745 ξείνα,
456 2671 509 2734 τὸν
525 2673 643 2751 θερινὸν
660 2668 774 2750 θερινά.

117 2761 199 2841 κοόχί
218 2766 306 2843 τάχος
324 2769 419 2845 ῥίψεις
425 2799 434 2841 ,·
451 2765 485 2828 οὐ
503 2767 559 2844 γάρ
576 2771 658 2841 θέμις
676 2764 742 2828 οὐδὲ
759 2774 872 2830 δίκαιον
920 2792 930 2833 ο

154 2859 275 2921 όλλοσδ’
295 2858 475 2935 όμνοπόλους
493 2859 667 2934 όμνοπόλοις
684 2863 837 2934 στόμασιν.
