1904 3594
399 524 439 576 79.

18 679 65 740 'Ev
77 685 164 753 πενίῃ
182 676 210 738 δ’
229 673 247 739 ύ
259 703 290 739 τε
303 676 395 747 δειλὸς
408 675 480 754 άνὴρ
494 672 511 738 ύ
523 702 554 738 τε
567 677 677 739 πολλὸν
689 678 815 761 άμείνων

57 779 201 848 φαίνεται,
220 767 280 833 εὖτ’
299 772 336 833 άν
353 771 384 847 δὴ
402 772 568 848 χρημοσύνη
584 778 703 849 κατέχῃ·

19 875 74 928 τοῦ
91 871 146 940 μὲν
163 865 220 944 γάρ
239 864 275 927 τά
287 872 380 926 δίκαια
393 879 498 943 φρονεῖ
509 867 586 935 νόος,
605 860 639 928 οὗ
650 873 681 928 τὲ
693 892 748 946 περ
761 872 815 929 αἰεὶ

56 966 136 1021 ἰθεῖα
154 961 252 1037 γνάμη
271 960 406 1036 στήθεσιν
423 959 566 1035 ἐμπεφύγ’

20 1062 75 1115 τοῦ
84 1050 114 1114 δ’
123 1047 188 1114 αὖτ’
204 1054 270 1115 οὔτε
278 1067 379 1123 κακοῖς
389 1054 486 1115 ἕπεται
497 1054 566 1124 νόος
576 1050 640 1116 οὔτ’
649 1053 815 1131 άγαθοῖσιν·

57 1147 111 1208 τὸν
129 1155 146 1207 δ
151 1145 158 1168 '
178 1144 292 1224 άγαθύν
309 1155 419 1222 τολμᾶν
434 1146 489 1224 χρὴ
508 1147 544 1208 τά
557 1172 588 1209 τε
600 1157 648 1210 καὶ
661 1148 696 1210 τά
710 1153 815 1224 φέρειν.

381 1369 442 1422 *80.

24 1498 173 1556 Αἰδεῖσδαι
191 1499 221 1556 δὲ
233 1501 341 1570 φίλους,
353 1498 467 1574 φεύγειν
479 1495 509 1558 τ’
523 1495 698 1576 ύλεσήνορας
711 1491 817 1576 ύρκονς

57 1585 244 1664 ἐντράπελ’ῒ,
262 1588 419 1652 άθανάτων
435 1600 517 1667 μῆνιν
535 1589 720 1665 άλενάμενον.

373 1764 442 1864 381.

252 1937 376 2008 (Σόλωνος
391 1942 409 2011 ἦ
427 1944 596 2008 Φωκυλίδου.)

26 2084 124 2152 Μηδὲν
136 2080 212 2156 άγαν
224 2083 367 2143 σπεύδειν·
385 2084 487 2162 καιρὸς
499 2082 525 2145 δ’
542 2085 589 2144 ἐπὶ
601 2090 688 2143 πᾶσιν
700 2081 818 2159 άρισιος

59 2173 199 2250 ἔργμασιν
215 2171 393 2253 άνδριύπων·
412 2177 535 2239 πολλάκι
553 2173 580 2236 δ’
598 2179 639 2245 εἰς
657 2174 763 2253 άρετὴν

25 2268 140 2329 σπεύδει
158 2265 231 2346 άνῆρ
248 2272 349 2347 κέρδος
366 2271 520 2347 διζήμενος,
540 2265 637 2331 ὅντινα
656 2275 764 2343 δαίμων

60 2361 206 2440 πρόφρων
222 2363 252 2434 ἐς
268 2364 393 2441 μεγάλην
412 2362 575 2440 άμπλακίην
592 2363 724 2440 παράγει,

10 2462 76 2516 ικαί
84 2458 113 2517 οἱ
122 2455 209 2532 ἔθηκε
218 2465 321 2529 δοκεῖν,
336 2455 355 2520 ά
369 2463 421 2532 μὲν
431 2453 542 2534 ᾖαακά,
552 2454 633 2518 ταῦτ’
643 2453 735 2533 άγάδ’
747 2457 819 2518 εἶναι

59 2547 216 2628 εὐμαρέως,
234 2548 253 2612 ά
271 2549 298 2613 δ’
316 2551 353 2615 άν
370 2547 388 2629 ἦ
403 2552 538 2630 χρήσιμα,
556 2560 645 2614 ταῦτα
664 2550 749 2614 κακά.
