1904 3594
400 563 499 633 Κριτίας.

444 786 467 839 2.

55 924 117 977 Καὶ
136 915 188 976 τόδ
193 913 200 935 ’
214 914 282 987 έθσς
296 913 418 994 Σπόρτη
429 917 571 996 μελέτημά
585 941 616 978 τε
627 920 762 990 κείμενόν
773 921 850 981 ἐστιν

94 1017 188 1070 πίνειν
205 1010 257 1087 την
275 1009 362 1088 αὐτὴν
380 1012 540 1091 οἰνοφόρον
557 1011 665 1082 κύλικα,

55 1102 126 1180 μηδ’
145 1101 362 1182 υἷποδωρεῖσθαι
385 1103 544 1184 προπόσεις
563 1105 703 1180 ὀνομαστί
720 1111 849 1184 λέγοντα,

95 1205 150 1272 μηδ
155 1194 163 1217 '
180 1199 227 1258 ἐπί
244 1198 388 1276 δεξιτερὰν
403 1214 486 1278 χεῖρα
504 1201 597 1280 κύκλῳ
615 1201 720 1262 θιυίσου

20 1307 36 1348 5
59 1290 152 1365 ἄγγεα
173 1339 838 1357 ...........................

98 1432 281 1447 ........
300 1386 376 1462 Λυδίη
393 1400 457 1463 χεῖρ
475 1381 539 1465 εὗρ’
558 1384 759 1464 ἶίσιατογενής,

58 1485 110 1538 καί
128 1479 289 1556 προπόσεις
302 1478 414 1557 ὀρέγειν
429 1483 560 1552 ἐπιδέξια,
577 1489 626 1542 καί
643 1491 852 1559 προκαλεῖσθαι

96 1574 331 1650 ἐξονομακλήδην,
351 1569 373 1654 ᾦ
393 1589 527 1652 προπιεῖν
544 1577 641 1649 ἐθέλῃ·

61 1664 118 1727 εἶτ’
137 1665 197 1727 α’πὸ
216 1668 356 1729 τοιούτων
374 1669 491 1729 πόσεων
508 1668 639 1745 γλώσσας
657 1692 688 1729 τε
705 1669 818 1730 λύουσιν

13 1776 40 1818 10
98 1765 138 1831 είς
157 1761 293 1839 αἰσχρούς
309 1760 427 1834 μύθους,
445 1761 529 1835 σῶμσί
547 1757 577 1822 τ’
595 1759 797 1840 ἀμαυρότερον

62 1855 224 1929 τεύχουσιν·
238 1854 312 1932 πρὸς
324 1863 340 1914 δ
344 1851 352 1874 '
364 1852 472 1929 ὄμματ’
482 1853 567 1931 ύχλύς
583 1853 741 1933 όμβλωπὸς
752 1858 852 1931 ἐφίζει·

98 1956 192 2023 λῆστις
210 1945 237 2008 δ’
255 1948 364 2024 ἐκτήκει
382 1949 563 2025 μνημοσύνην
581 1954 744 2027 πραπίδων·

63 2048 132 2111 νοῦς
150 2045 178 2103 δὲ
193 2045 404 2119 παρέσφαλται·
423 2051 514 2116 δμῶες
525 2040 551 2103 δ’
564 2040 729 2104 ιῖκόλαστον
742 2041 854 2117 έχουσιν

99 2131 184 2212 ἦθος·
204 2137 382 2197 ἐπεισπίπτει
400 2134 427 2196 δ’
447 2135 611 2213 οἰκοτριβὴς
629 2131 752 2210 δαπόνη·

18 2247 43 2288 15
65 2232 95 2290 οί
113 2235 348 2302 Λακεδαιμονίων
367 2233 396 2290 δέ
413 2229 498 2305 κόροι
516 2235 629 2290 πίνουσι
648 2237 797 2298 τοσοῦτον,

102 2313 177 2384 όίστε
195 2319 281 2399 φρέν’
300 2327 340 2393 είς
357 2322 459 2400 ἱλαρὰν
476 2325 574 2384 ἐλπίδα
593 2317 703 2392 πιόντας
720 2323 800 2399 σίγειν

66 2418 107 2487 είς
125 2441 156 2478 τε
175 2416 388 2494 φιλοφροσύνην
405 2424 539 2493 γλῶσσαν
554 2416 673 2493 μέτριόν
685 2440 716 2477 τε
734 2425 855 2492 γέλωτα·

102 2511 218 2587 τοιαύτη
236 2514 264 2572 δέ
282 2510 367 2579 πόσις
384 2511 497 2584 σώματί
514 2507 544 2570 τ’
563 2507 706 2586 ιόφέλιμσς

66 2606 166 2681 γνώμη
185 2629 216 2665 τε
233 2605 330 2680 κτήσει
348 2627 388 2672 τε,
405 2612 500 2673 καλῶς
513 2612 530 2664 δ
535 2601 543 2623 '
556 2608 596 2674 είς
608 2602 672 2681 ἔργ’
690 2601 857 2679 Ἀφροδίτης,

18 2717 46 2759 ιιι
102 2698 177 2775 πρός
194 2695 228 2758 θ’
247 2693 338 2758 ύπνον
354 2691 505 2774 ἥρμοσται,
526 2721 576 2758 ιον
595 2697 734 2770 καμότων
751 2699 858 2769 λιμένα,

67 2795 143 2868 πρὸς
161 2794 212 2870 τὴν
231 2790 426 2868 τερπνοτάτην
449 2814 480 2851 τε
502 2798 582 2851 θεων
599 2798 715 2865 θνητοῖς
728 2788 858 2865 Ὑγίειαν,

102 2896 151 2950 καί
169 2887 220 2963 την
238 2887 377 2960 Εύσεβίης
395 2890 509 2959 γείτονα
529 2881 733 2959 Σωφροσύνην.

521 2984 529 3007 Ι
