1904 3594
325 739 474 792 Φωκυλίδου
490 742 595 811 γνῶμαι.
808 744 856 794 277

85 906 101 970 ύ
119 908 176 985 γὰρ
195 909 225 993 δὴ
245 907 361 971 νοέονσ’
381 912 409 970 οἱ
425 907 564 985 μηδέποτ’
576 909 666 971 έσθλὰ
684 909 839 979 μαθόντες.

100 1004 854 1081 Μηδέτραπεζοκόροοςκόλακαςποιεῖσθαιἑταίρους·

84 1103 168 1156 ὀλλοί
186 1095 243 1171 γὰρ
261 1097 365 1167 πόσιος
382 1107 430 1158 καί
447 1099 575 1175 βρώσιός
593 1102 664 1160 εἰσιν
681 1098 801 1174 ἑταῖροι,

84 1191 169 1262 οιιρὸν
185 1193 377 1262 θωπεύοντες,
394 1191 466 1269 ἐπὴν
481 1196 661 1270 κορέσασθαι
678 1190 789 1266 ἔχωσιν,

84 1284 224 1357 χθόμενοι
237 1293 253 1344 δ
257 1283 264 1305 '
279 1284 385 1360 ὀλίγοις
396 1295 445 1346 καὶ
458 1296 576 1356 πολλοῖς
591 1281 697 1356 πάντες
709 1285 856 1360 ἄπληστοι.

100 1386 172 1455 Λαῴ
189 1377 227 1454 μίγ
246 1385 371 1440 πίστευε·
391 1380 576 1457 πολύτροπος
593 1382 670 1440 ἐστιν
690 1373 797 1452 ὅμιλος.

84 1471 135 1540 αύς
152 1495 198 1531 τοι
215 1479 264 1532 καί
280 1465 357 1548 ὕδωρ
374 1481 422 1534 καί
440 1481 496 1551 πῦρ
514 1472 698 1547 οἷκοτοίσχετα
715 1472 818 1533 πάντα.

101 1570 178 1641 Μηδὲ
187 1567 280 1642 μάτην
289 1569 335 1628 έπί
345 1576 401 1645 πῦρ
411 1575 534 1638 καθίσας
545 1569 676 1640 μινύθοις
685 1573 769 1641 φίλον
777 1561 857 1643 ἦτορ.

86 1663 155 1735 έτρα
165 1664 195 1721 δὲ
204 1670 286 1736 τεύχε
295 1671 401 1724 θεοῖσι·
415 1664 450 1724 τὸ
460 1663 517 1739 γίιρ
526 1667 634 1738 μέτρον
642 1663 721 1722 ἐστίν
729 1661 857 1738 ἄριστον.

100 1759 193 1814 Γαΐαν
210 1755 417 1830 ἐπιμοιρᾶσθαι
435 1752 608 1835 οἷταρχύτοις
625 1755 778 1816 νεκύεσσιν.

85 1846 101 1922 ὴ
122 1847 233 1924 τύμβον
250 1854 399 1924 φθιμένων
417 1848 563 1926 οίνορύξης,
580 1846 647 1926 μηδ’
666 1846 777 1910 οίθέατα

84 1947 154 2015 είξης
170 1940 254 2020 ἠελίῳ
271 1951 319 2003 καί
337 1944 486 2015 δαιμόνιον
501 1944 593 2020 χόλον
612 1943 708 2020 ύρσης.

84 2032 100 2094 ύ
117 2034 208 2095 καλὸν
226 2033 367 2114 ἁρμονίην
385 2035 553 2110 οίναλυέμεν)
571 2035 754 2114 οἷνθριύποιο·

84 2135 113 2187 αὶ
130 2127 204 2202 τάχα
223 2127 250 2188 δ’
267 2131 301 2188 έκ
318 2136 398 2205 γαίης
415 2133 567 2204 ἐλπίζομεν
584 2132 614 2199 ές
632 2130 707 2204 φάος
724 2131 820 2189 ἐλθεῖν

84 2218 179 2294 είφαν’
198 2219 412 2296 οέποιχομένων·
439 2222 532 2284 ὀπίσω
554 2229 583 2284 δέ
600 2230 666 2284 θεοί
685 2226 858 2282 τελέθονται.

84 2320 154 2387 ιοχαί
172 2312 228 2389 γὰρ
245 2320 398 2386 μίμνονσιν
415 2313 530 2393 οἷκήριοι
547 2319 579 2376 έν
596 2319 783 2390 φθιμένοισιν.

84 2414 176 2478 ’νεῦμα
194 2406 251 2485 γάρ
268 2410 329 2467 έστι
346 2418 419 2470 θεοῦ
434 2418 535 2488 χρῆσις
546 2418 678 2485 θνητοῖσι
695 2415 744 2468 καὶ
762 2408 858 2468 είκαίν·

84 2505 161 2570 νώμα
174 2503 226 2571 μὲν
238 2501 271 2560 ἐκ
282 2508 373 2577 γαίης·
391 2510 439 2564 καί
450 2508 513 2564 ἐπεὶ
527 2503 659 2577 ίδαμοίση)
671 2499 762 2578 πυρὸς
780 2496 859 2574 αύγῆ,

84 2590 200 2652 οόαενοι
213 2593 293 2663 κόνις
304 2597 402 2669 έσμέν·
416 2594 471 2674 οἷῆρ
484 2606 501 2657 δ
504 2595 511 2617 '
521 2595 577 2659 οίνα
590 2603 700 2669 πνεῦμα
713 2597 858 2662 δέδεκται]

102 2686 232 2747 Πλούτου
241 2687 279 2763 μὴ
290 2694 401 2762 φείδου·
411 2688 528 2767 μέμνησ’
540 2684 586 2752 ὅτι
595 2688 702 2766 θνητὸς
710 2685 857 2764 ὑπάρχεις.

84 2776 118 2839 ύκ
136 2776 177 2838 ένι
195 2788 212 2839 δ
217 2777 224 2799 ’
242 2783 282 2850 είς
293 2775 386 2859 Ἅιδην
405 2783 496 2861 ὄλβον
517 2792 566 2845 καί
582 2782 709 2862 χρήματ’
727 2782 858 2862 ἄγεσθαι.

84 2870 171 2941 ὀἷντες
188 2872 253 2933 ἴσον
271 2878 379 2946 νέκυες·
399 2887 500 2954 ψυχῶν
518 2883 548 2940 δέ
563 2878 636 2949 θεὸς
652 2877 804 2956 βασιλεύει.

84 2964 146 3025 οινύι
166 2969 219 3038 μέν
237 2960 322 3039 οίθλα,
340 2973 405 3046 τέλη
417 2969 445 3031 δ’
458 2972 574 3033 αἰώνια·
592 2979 641 3032 καί
654 2966 859 3052 πατρίςἍιδης,

84 3056 147 3126 ονὸς
163 3066 261 3133 χῶρος
279 3054 378 3134 ύίπασι,
396 3067 499 3140 πένησί
516 3089 548 3126 τε
565 3072 613 3125 καί
630 3075 806 3142 βασιλεῦσιν.

83 3147 99 3212 ύ
111 3150 202 3212 πολύν
211 3153 363 3231 ἄνθρωποι
373 3163 468 3231 ζῶμεν
478 3157 605 3238 χρόνον,
616 3156 682 3221 ἀλλ’
698 3161 753 3219 ἐπὶ
761 3156 884 3227 καιρὸν·
