1904 3594
381 560 505 635 Πρατίνας.

433 740 457 792 2.

333 850 552 926 ’ΥπὸρχημαΙ

102 978 150 1041 Τίς
169 971 183 1031 ὁ
202 970 332 1048 θόρυβος
351 964 412 1043 3δε,·
429 976 459 1030 τί
477 968 597 1031 τάδετὰ
614 970 783 1046 χορεύματα
789 1000 799 1043 ,·

228 1061 272 1126 τίς
289 1050 371 1134 ὕβρις
388 1055 491 1128 ἔμολεν
508 1058 555 1117 ἐπὶ
574 1064 670 1117 Διονυ·

221 1141 305 1202 σιάδα
324 1140 514 1217 πολυπάταγα
532 1143 660 1213 θυμέλαν
665 1171 675 1213 ,-

272 1225 342 1296 έμὸς
359 1225 430 1298 έμὸς
449 1223 465 1286 ὃ
483 1226 623 1302 Βρόμιος·

178 1310 229 1380 ἐμὲ
245 1319 287 1371 δεῖ
302 1319 445 1380 κελαδεῖν,·
455 1313 506 1384 ἐμέ
523 1318 566 1371 δεῖ
581 1321 721 1385 παταγεῖν

183 1393 233 1456 ἄν’
251 1395 324 1472 ὄρεα
343 1395 469 1468 θάμενου
486 1394 558 1469 μετά
578 1393 714 1455 Ναϊάδοιν

273 1480 321 1542 οἷά
340 1505 372 1541 τε
389 1481 495 1542 κύκνον
513 1481 623 1556 άγουτα

282 1566 506 1643 ποικιλόπτερον
522 1569 616 1637 μέλος.

182 1650 235 1713 τάν
253 1647 353 1712 άοιδάυ
370 1655 547 1712 κατέστασευ
564 1648 603 1719 (ά)
622 1655 718 1729 Πιερὶς

273 1743 432 1812 βασίλειαν·
453 1734 469 1797 ὃ
487 1732 515 1796 δ’
535 1733 622 1806 αι’·λὸς

301 1815 424 1899 ὕστερον
439 1825 597 1898 χορευέτω·

261 1913 309 1966 καὶ
326 1906 382 1981 γάρ
401 1903 469 1966 έσθ’
486 1904 634 1982 ὑπηρέτας.

227 1990 314 2069 κώμῳ
331 1991 424 2064 μόνον
442 1990 621 2068 θυραμάχοις
638 2011 670 2049 τε

179 2082 364 2151 πυγμαχίαισι
383 2080 456 2136 νέων
473 2080 550 2136 θέλει
568 2079 717 2152 παροίνων

276 2159 393 2234 ἔμμεναι
412 2159 618 2237 στρατηλάτας.

218 2259 285 2306 παῖε
303 2244 356 2305 τὸν
375 2245 474 2321 Φρύγα
493 2244 556 2316 (τὸν
573 2242 682 2315 άοιδοῦ)

276 2336 409 2391 ποικίλον
426 2334 622 2405 προαχέοντα·

213 2419 299 2491 φλέγε
317 2415 370 2475 τὸν
389 2413 693 2488 ὀλεσισιαλοκάλαμον,

141 2502 349 2578 λαλοβαρυόπα
368 2501 710 2577 παραμελορυθμοβάταν
727 2494 761 2559 θ’

173 2585 241 2646 ἰπαλ
259 2585 393 2664 τρυπάνῳ
411 2589 496 2659 δέμας
514 2589 725 2660 πεπλασμένον.

276 2670 309 2746 ἢν
327 2670 399 2732 ἰδού·
417 2665 468 2731 άδε
486 2693 533 2731 σοι
551 2671 625 2741 δεξιὰ

128 2764 176 2817 καὶ
195 2756 287 2826 ποδὸς
305 2756 450 2833 διαρριφά,
467 2755 770 2833 θριαμβοδιθύραμβε·

266 2836 432 2915 κισσόχαιτ’
449 2841 529 2913 ἄναξ,
547 2843 635 2903 άκουε

377 2927 431 2987 τάν
448 2925 521 2999 έμάν

322 3010 436 3087 Δώριον
451 3016 581 3088 χορείαν.

375 3156 526 3170 .-.,,-.
