1904 3594
124 512 156 562 26
438 503 590 574 Ἀρχίλοχος.

497 680 539 730 40.

119 785 272 859 Ἔλπομαι,
290 781 415 854 πολλοὺς
434 787 487 857 μὲν
506 780 602 845 αὐτῶν
619 787 735 858 Σείριος
751 793 914 850 κατανανεῖ,

126 877 190 950 ὀξὺς
207 877 368 951 ἐλλάμπων.

495 1005 536 1054 41.

120 1140 126 1152 .
147 1140 152 1152 .
172 1139 178 1150 ,
198 1089 301 1165 Μάχης
318 1094 348 1152 δὲ
364 1097 414 1166 τῆς
432 1097 490 1164 σῆς,
508 1081 583 1149 ὥστε
602 1089 708 1163 διψέων
726 1098 807 1154 πιεῖν,

118 1181 158 1254 ὣς
175 1180 257 1260 ἐρέω.

494 1290 536 1340 42.

119 1394 175 1448 Καί
193 1391 275 1457 νέους
292 1386 429 1462 θάρσονε·
448 1389 524 1459 νίκης
542 1393 558 1445 δ
563 1380 571 1403 '
588 1387 620 1446 ἐν
637 1393 732 1445 θεοῖσι
750 1390 880 1461 πείρατα.

492 1579 532 1631 43.

118 1681 157 1746 Οά
169 1707 226 1760 γαρ
239 1679 328 1744 ἐσθλὰ
338 1688 514 1742 κατθανοῦσι
527 1685 694 1758 κερτομέειν
702 1679 752 1742 ἐπ’
762 1677 907 1759 ἀνδράσιν.

425 1851 428 1855 ’
491 1877 532 1927 44.

540 1977 591 2039 Ἓν
609 1978 637 2039 δ’
654 1980 807 2051 ἐπίσταμαι
825 1982 906 2055 μέγα,

114 2072 168 2134 τὸν
179 2079 275 2141 κακῶς
283 2096 319 2145 με
328 2078 441 2149 δρῶντα
451 2081 553 2142 δεινοῖς
562 2070 788 2148 ἀνταμείβεσθαι
797 2086 906 2144 κακοῖς.

489 2260 530 2309 45.

118 2364 201 2433 Θυμέ,
219 2356 290 2434 θύμ’
308 2358 479 2438 ἀμηχάνοισι
495 2359 609 2437 κήδεσιν
625 2358 780 2432 κυκώμενε,

115 2453 171 2515 ἀνα
190 2450 218 2513 δ’
237 2452 301 2529 ἔχεο
312 2458 407 2528 μένων
425 2457 452 2516 τ’
475 2452 571 2526 ἀλέξεο
583 2451 760 2532 προσβαλὼν
772 2454 905 2516 ἐναντίον
948 2520 950 2525 ,

114 2550 244 2620 στέρνον,
262 2547 295 2607 ἐν
306 2556 433 2609 δοκοῖσιν
449 2549 564 2628 ἐχθρῶν
581 2554 701 2626 πλησίον
711 2555 905 2620 κατασταθείς

114 2637 297 2716 ἀσφαλέωςῒ·
316 2649 365 2702 καί
382 2641 453 2717 μήτε
471 2650 558 2703 νικῶν
576 2640 707 2719 ἀμφάδην
724 2639 859 2718 ἀγάλλεο,

112 2733 184 2810 μήτε
202 2741 326 2809 νικηθεὶς
342 2739 374 2795 ἐν
392 2734 462 2815 οἷκῳ
478 2734 652 2797 καταπεσὼν
672 2733 786 2812 ἀδύρεο·
914 2750 925 2793 δ

114 2824 186 2888 ἀλλὰ
203 2832 357 2903 χαρτοῖσίν
373 2852 405 2889 τε
422 2841 506 2906 χαῖρε
523 2836 572 2889 καί
589 2843 721 2891 κακοῖσιν
739 2826 853 2906 ἀσχάλα

112 2918 150 2995 μὴ
163 2925 237 2996 λίην·
255 2926 397 2998 γίγνωσκε
409 2929 426 2982 δ
430 2923 439 2946 ’
451 2919 514 2992 οἷος
530 2921 639 2999 ῥυσμὸς
651 2920 827 3000 ἀνθρώπους
838 2924 903 3003 ἔχει
