1904 3594
117 568 123 579 ⁶
141 564 176 615 38
376 558 509 629 Σιμωνίδης
526 555 539 608 ὁ
555 555 704 628 ’λμοργίνοςΙ

144 724 224 799 ὁμῶς
241 727 336 785 δὲκαὶ
353 722 428 801 πρὸς
445 721 532 800 ἔργον
550 721 720 802 ἀφροδίσιον

140 814 264 880 ἐλθόνθ’
284 817 401 894 ἑταῖρον
419 813 541 879 ὃντινῶν
557 819 680 888 ἐδέξατο.

214 909 271 988 Τὴν
288 907 314 971 δ’
332 911 365 971 ἐκ
381 918 476 987 γαλῆς,
495 910 632 988 δύστηνον
650 909 768 989 οίζυρὸν
784 916 875 988 γένος.

140 1011 222 1080 κείνη
239 1003 296 1082 γὰρ
314 1003 349 1065 ού
366 1029 392 1064 τι
409 1003 501 1065 καλὸν
519 1001 581 1066 οὐδ’
599 1007 739 1082 ἐπίμερον

143 1103 307 1177 πρόσεστιν,
326 1093 390 1158 ούδὲ
407 1099 542 1175 τερπνόν,
560 1096 622 1160 οὐδ’
640 1100 791 1177 ἐράσμιον·

116 1224 119 1229 ·
143 1190 225 1270 εύνῆς
242 1189 270 1252 δ’
289 1187 391 1267 οίληνὴς
409 1192 486 1252 ἐστιν
504 1189 680 1270 οίφροδισίης,

144 1287 198 1349 τὸν
216 1282 245 1347 δ’
264 1285 355 1362 οίνδρα
373 1284 427 1347 τὸν
445 1285 578 1363 παρόντα
597 1292 697 1362 ναυσίη
716 1296 797 1348 διδοῖ·

140 1384 305 1442 κλέπτουσα
323 1377 352 1440 δ)
371 1378 444 1457 ἔρδει
462 1378 554 1441 πολλὰ
572 1385 706 1456 γείτονας
722 1381 806 1452 κακοί,

142 1473 256 1536 οίθυστα
275 1469 302 1533 δ’
321 1471 368 1550 ἱρὰ
387 1469 524 1543 πολλάκις
541 1481 697 1536 κατεσθίει.

215 1576 271 1643 Την
289 1563 316 1626 δ’
333 1565 423 1636 ίππος
441 1565 516 1643 ἁβρὴ
532 1564 682 1643 χαιτέεσσ’
699 1570 837 1644 ἐγείνατο,

141 1658 161 1736 ἢ
179 1657 269 1721 δούλι’
288 1659 357 1735 ἔργα
375 1667 423 1720 καί
441 1660 508 1736 δύην
525 1663 701 1737 περιτρέμει·

140 1749 225 1815 κοῦτ’
244 1752 280 1814 ι’ίν
296 1752 384 1829 μύλης
401 1754 546 1825 ψαύσειεν,
565 1753 632 1815 ούτε
644 1753 782 1814 κόσκινον

143 1847 247 1925 οίρειεν,
266 1845 332 1908 ούτε
349 1846 463 1924 κόπρον
479 1848 511 1918 ἐξ
527 1847 608 1908 οίίιου
625 1851 719 1924 βοίλοι,

145 1940 212 2002 ούτε
230 1939 305 2018 πρὸς
323 1940 417 2011 ίπνύν,
436 1937 566 2017 οἷσβόλην
585 1938 731 2016 οἶλευμὲνη,

139 2031 243 2108 ίζοιτ’·
263 2031 374 2111 οίνοίγκρ
392 2032 421 2095 δ’
439 2034 530 2109 ἄνδρα
548 2046 672 2095 ποιεῖται
690 2040 784 2110 φίλον.

142 2135 243 2204 λοῦται
260 2131 290 2190 δὲ
307 2128 399 2205 ποίσης
416 2126 520 2206 ἡμέρης
538 2129 596 2190 οίπο
617 2129 710 2206 ῥύπον

140 2228 193 2292 δίς,
211 2221 316 2283 ἄλλοτε
333 2226 404 2298 τρίς,
421 2227 469 2282 καί
486 2221 587 2299 μύροις
604 2221 763 2297 ἀλείφεται·

143 2317 199 2375 αἰεί
217 2316 246 2375 δὲ
262 2320 364 2391 χαίτην
381 2317 578 2391 ἐκτενισμένην
596 2327 683 2392 φορεῖ

141 2416 277 2484 βαθεῖαν,
295 2405 463 2482 οίνθέμοισιν
480 2410 674 2481 ἐσκιασμὲνην.

140 2499 235 2561 καλὸν
251 2504 304 2573 μὲν
322 2495 363 2562 σίν
380 2505 473 2578 θέημα
491 2501 607 2578 τοιαύτη
624 2500 693 2578 γυνὴ

143 2593 263 2664 οἷλλοισι,
282 2602 325 2674 τῷ
343 2592 369 2655 δ’
388 2593 482 2670 ἔχοντι
499 2601 626 2672 γίγνεται
642 2593 743 2666 κακόν,

141 2685 178 2764 ἢν
194 2687 232 2764 μή
250 2712 293 2758 τις
308 2687 327 2764 ἢ
344 2687 492 2766 τύραννος,
507 2688 527 2765 η“
544 2697 723 2767 σκηπτοῦχος
740 2683 766 2765 ᾖ,

144 2775 224 2852 ύστις
241 2781 384 2852 τοιούτοις
400 2782 496 2857 θυμὸν
512 2779 685 2859 οίγλαΐζεται.

216 2873 272 2950 Τὴν
290 2872 317 2935 δ’
335 2876 368 2937 ἐκ
386 2876 521 2950 πιθήκου·
540 2882 627 2937 τοῦτο
646 2874 678 2953 δὴ
696 2874 841 2953 διακριδὸν

142 2975 214 3038 Ζευς
231 2965 368 3046 οἷνδροίσιν
384 2973 520 3045 μέγιστον
538 2968 655 3032 ὤπασεν
671 2969 772 3032 κακόν.
