1904 3594
335 610 455 676 Διονύσιος
472 610 486 667 ό
506 615 621 674 Χαλκοῦς.
828 618 875 668 115

85 1027 234 1108 κότταβον
245 1031 349 1091 ένδόδε
363 1053 408 1090 σοι
421 1035 522 1107 τρίτον
539 1026 665 1092 ίστοίναι·
680 1031 708 1091 σί
719 1033 878 1107 δυσέρωτες

121 1122 201 1199 ἡμεῖς
219 1130 415 1202 προστίθεμεν
432 1130 577 1203 γυμνασίῳ
596 1129 724 1201 Βρομίου

85 1218 229 1295 κώρυκον·
250 1220 278 1278 οί
297 1221 325 1278 δέ
338 1217 480 1295 παρόντες
497 1219 622 1295 ἐνείρετε
633 1231 732 1295 χεῖρας
754 1207 878 1286 όπαντες

121 1312 150 1382 ἐς
168 1317 294 1389 σφαίρας
313 1316 448 1372 κυλίκων·
470 1321 518 1374 καί
542 1320 610 1390 πρίν
626 1309 690 1383 (ἄπ’
710 1311 799 1381 οἶνον)
817 1313 879 1381 ίεῖν,

54 1425 67 1464 5
88 1405 194 1478 ὄμματι
211 1411 420 1481 βηματίσαισθε
444 1404 497 1466 τὸν
515 1403 587 1482 όέρα
605 1405 658 1466 τὸν
674 1404 749 1468 κατὰ
768 1411 880 1481 κλίνην,

120 1503 159 1568 είς
179 1493 250 1560 όσον
269 1502 297 1558 αἱ
316 1499 437 1574 λάταγες
452 1504 564 1576 χωρίον
581 1500 719 1560 ἐκτατέαι.

84 1874 189 1952 όμνους
208 1883 352 1955 οἰνοχοεῖν
368 1882 489 1952 ἐπιδέξια
508 1887 557 1943 σοί
575 1905 605 1942 τε
624 1889 671 1942 καί
689 1879 762 1957 ίημῖν.

120 1973 203 2034 τόνδε
221 1972 275 2032 τὸν
293 1970 416 2050 όρχαῖον
434 1974 594 2051 τηλεδαπόν
612 1999 643 2036 τε
661 1980 747 2051 φίλον

86 2071 193 2143 εἰρεσίῃ
212 2066 341 2142 γλώσσης
359 2064 572 2143 ἀποπέμψομεν
590 2071 629 2136 εἰς
646 2071 737 2143 μέγαν
755 2066 840 2128 αίνον

121 2157 201 2220 τοῦδ’
219 2162 265 2220 ἐπὶ
284 2167 457 2233 συμποσίου·
476 2161 600 2237 δεξιότης
617 2184 648 2222 τε
666 2160 756 2237 λόγου

55 2276 68 2315 5
89 2260 218 2323 Φαίακος
238 2262 365 2314 Μουσῶν
382 2255 482 2330 ἐρέτας
499 2256 545 2315 ἐπί
564 2257 691 2327 σέλματα
709 2257 820 2328 πέμπει.

470 2432 493 2483 5.

88 2564 146 2619 Καί
164 2583 237 2628 τινες
256 2558 337 2619 οἶνον
354 2560 474 2635 ιίγοντες
491 2560 522 2619 ἐν
540 2563 648 2635 εἰρεσίη
666 2557 816 2629 Λιονόσου,

121 2658 282 2725 συμποσίου
302 2660 400 2712 ναῦται
418 2660 465 2712 καί
482 2658 606 2712 κυλίκων
623 2653 718 2729 ἐρέται

86 2789 92 2801 .
113 2795 118 2805 .
138 2792 143 2802 .
163 2789 169 2802 .
189 2752 254 2821 περί
273 2752 367 2810 τοῦδε·
388 2768 422 2805 το
440 2745 497 2823 γὰρ
515 2751 602 2822 φίλον
620 2742 672 2807 οόκ
690 2744 844 2807 όπόλωλεν
